@article{generaldio1,
author = {Dodson, Maurice},
year = {1996},
month = {07},
pages = {},
title = {A Note On Metric Inhomogeneous Diophantine Approximation},
volume = {62},
journal = {Journal of the Australian Mathematical Society},
doi = {10.1017/S1446788700000744}
}

@article{generaldio2,
author = {Laurent, Michel and Nogueira, Arnaldo},
year = {2011},
month = {10},
pages = {},
title = {Inhomogeneous approximation with coprime integers and lattice orbits},
volume = {154},
journal = {Acta Arithmetica},
doi = {10.4064/aa154-4-5}
}

@article{generaldio3,
author = {Fan, Ai-Hua and WU , JUN },
year = {2006},
month = {05},
pages = {187 - 191},
title = {A note on inhomogeneous Diophantine approximation with a general error function},
volume = {48},
journal = {Glasgow Mathematical Journal},
doi = {10.1017/S0017089506002989}
}

@article{generaldio4,
author = {Liao, Lingmin and Rams, Michal},
year = {2012},
month = {08},
pages = {},
title = {Inhomogeneous Diophantine approximation with general error functions},
volume = {160},
journal = {Acta Arithmetica},
doi = {10.4064/aa160-1-2}
}

@book{minkowski,
  title={Diophantische Approximationen: Eine Einfuhrung in Die Zahlentheorie},
  author={Minkowski, H.},
  lccn={lc56013056},
  series={Chelsea Scientific Books},
  url={https://books.google.de/books?id=m2JbAAAAcAAJ},
  year={1957},
  publisher={Chelsea}
}

@INPROCEEDINGS{hyperproperties,
  author={Clarkson, Michael R. and Schneider, Fred B.},
  booktitle={2008 21st IEEE Computer Security Foundations Symposium}, 
  title={Hyperproperties}, 
  year={2008},
  volume={},
  number={},
  pages={51-65},
  doi={10.1109/CSF.2008.7}}

@misc{originalarxiv,
      title={On Robustness for the Skolem, Positivity and Ultimate Positivity Problems}, 
      author={S. Akshay and Hugo Bazille and Blaise Genest and Mihir Vahanwala},
      year={2022},
      eprint={2211.02365},
      archivePrefix={arXiv},
      primaryClass={cs.LO}
}

@inproceedings{originalstacs, 
doi = {10.4230/LIPICS.STACS.2022.5}, 
url = {https://drops.dagstuhl.de/opus/volltexte/2022/15815/}, 
booktitle={STACS 2022},
author = {Akshay, S. and Bazille, Hugo and Genest, Blaise and Vahanwala, Mihir}, 
language = {en}, 
title = {On Robustness for the Skolem and Positivity Problems}, publisher = {Schloss Dagstuhl - Leibniz-Zentrum für Informatik}, year = {2022}, 
copyright = {Creative Commons Attribution 4.0 International license}
} 

@article{dio-constants,
title = {Linear fractional transformations of continued fractions with bounded partial quotients.},
author = {J. C. Lagarias and J. O. Shallit},
journal = {Journal de théorie des nombres de Bordeaux},
year = {1997},
volume = {9},
pages = {267-279}
}

@article{baker,
  title={Logarithmic forms and group varieties.},
  author={Alan Baker and Gisbert W{\"u}stholz},
  journal={Journal f{\"u}r die reine und angewandte Mathematik (Crelles Journal)},
  year={1993},
  volume={1993},
  pages={19 - 62}
}

@article{factor-algebraic,
  author  = {Manuel Eberl and René Thiemann},
  title   = {Factorization of Polynomials with Algebraic Coefficients},
  journal = {Archive of Formal Proofs},
  month   = {November},
  year    = {2021},
  note    = {\url{https://isa-afp.org/entries/Factor_Algebraic_Polynomial.html},
            Formal proof development},
  ISSN    = {2150-914x},
}

@article{AAGT15,
  author  = {Manindra Agrawal and
             S. Akshay and
             Blaise Genest and
             P. S. Thiagarajan},
  title   = {Approximate Verification of the Symbolic Dynamics of {M}arkov Chains},
  journal = {J. {ACM}},
  volume  = {62},
  number  = {1},
  pages   = {2:1--2:34},
  year    = {2015}
}



@inproceedings{ABV17,
  author    = {S. Akshay and
               Nikhil Balaji and
               Nikhil Vyas},
  editor    = {Kim G. Larsen and
               Hans L. Bodlaender and
               Jean{-}Fran{\c{c}}ois Raskin},
  title     = {Complexity of Restricted Variants of Skolem and Related Problems},
  booktitle = {42nd International Symposium on Mathematical Foundations of Computer
               Science, {MFCS} 2017, August 21-25, 2017 - Aalborg, Denmark},
  series    = {LIPIcs},
  volume    = {83},
  pages     = {78:1--78:14},
  publisher = {Schloss Dagstuhl - Leibniz-Zentrum f{\"{u}}r Informatik},
  year      = {2017}
}



        
@inproceedings{AGV18,
  author    = {S. Akshay and Blaise Genest and Nikhil Vyas},
  title     = {{Distribution-based objectives for Markov Decision Processes}},
  booktitle = {33rf Symposium on Logic in Computer Science (LICS 2018)},
  pages     = {36-45},
  year      = {2018},
  volume    = {IEEE}
}

@inproceedings{akshay_et_al,
  author    = {S. Akshay and Nikhil Balaji and Aniket Murhekar and Rohith Varma and Nikhil Vyas},
  title     = {{Near-Optimal Complexity Bounds for Fragments of the Skolem Problem}},
  booktitle = {37th International Symposium on Theoretical Aspects of Computer Science (STACS 2020)},
  pages     = {37:1--37:18},
  year      = {2020},
  volume    = {154}
}
        
@article{berstel,
  title   = {{Deux propri{\'e}t{\'e}s d{\'e}cidables des suites r{\'e}currentes lin{\'e}aires}},
  author  = {Berstel, Jean and Mignotte, Maurice},
  journal = {Bulletin de la Soci{\'e}t{\'e} Math{\'e}matique de France},
  volume  = {104},
  pages   = {175--184},
  year    = {1976}
}
        
@article{BHM14,
  author     = {Biscaia, Manuel and Henriques, David and Mateus, Paulo},
  title      = {Decidability of Approximate {S}kolem Problem and Applications to Logical Verification of Dynamical Properties of Markov Chains},
  year       = {2014},
  issue_date = {March 2015},
  publisher  = {Association for Computing Machinery},
  address    = {New York, NY, USA},
  volume     = {16},
  number     = {1},
  issn       = {1529-3785},
  journal    = {ACM Trans. Comput. Logic},
  month      = dec,
  articleno  = {4},
  numpages   = {17},
  keywords   = {Markov chains, Skolem problem, temporal logic}
}

@article{blondel2002,
  title     = {{The presence of a zero in an integer linear recurrent sequence is NP-hard to decide}},
  author    = {Blondel, Vincent and Portier, Natacha},
  journal   = {Linear algebra and its Applications},
  volume    = {351},
  pages     = {91--98},
  year      = {2002},
  publisher = {Elsevier}
}

@inproceedings{Braverman06,
  title        = {Termination of integer linear programs},
  author       = {Braverman, Mark},
  booktitle    = {International Conference on Computer Aided Verification},
  pages        = {372--385},
  year         = {2006},
  organization = {Springer}
}
        
@inproceedings{Everest2003RecurrenceS,
  title     = {{Recurrence Sequences}},
  author    = {Graham Everest and Alfred J. van der Poorten and Igor E. Shparlinski and Thomas Ward},
  booktitle = {Mathematical surveys and monographs},
  year      = {2003}
}

@book{findroots1operate1,
  author    = {S. Basu and R. Pollack and M. F. Roy},
  year      = {2006},
  title     = {Algorithms in Real Algebraic Geometry},
  publisher = {Springer},
  edition   = {2nd}
}

@book{findroots2operate2,
  author    = {H. Cohen},
  year      = {1993},
  title     = {A Course in Computational Algebraic Number Theory},
  publisher = {Springer-Verlag}
}

@article{findroots3,
  author  = {V. Pan},
  year    = {1996},
  title   = {Optimal and nearly optimal algorithms for approximating polynomial zeros},
  journal = {Computers \& Mathematics with Applications},
  volume  = {31},
  number  = {12}
}


@techreport{halava,
  author      = {Vesa Halava and Tero Harju and Mika Hirvensalo and Juhani Karhumäki},
  title       = {Skolem's Problem - on the border between decidability and undecidability},
  number      = {683},
  institution = {Turku Centre for Computer Science},
  year        = {2005}
}

@inproceedings{joeljames3,
  author    = {Jo{\"{e}}l Ouaknine and
               James Worrell},
  title     = {Positivity Problems for Low-Order Linear Recurrence Sequences},
  booktitle = {Proceedings of the Twenty-Fifth Annual {ACM-SIAM} Symposium on Discrete               Algorithms, {SODA} 2014, Portland, Oregon, USA, January 5-7, 2014},
  pages     = {366--379},
  publisher = {{SIAM}},
  year      = {2014}
}

@book{jordan,
  author    = {K. Hoffman and R. Kunze},
  year      = {1971},
  title     = {Linear Algebra},
  publisher = {Prentice-Hall},
  edition   = {2nd}
}

@book{kronecker,
  author    = {N. Bourbaki},
  year      = {1966},
  title     = {Elements of Mathematics: General Topology (Part 2)},
  publisher = {Addison-Wesley}
}

@book{mahler,
  title     = {{Eine arithmetische Eigenschaft der Taylor-koeffizienten rationaler Funktionen}},
  author    = {Mahler, Kurt},
  year      = {1935},
  publisher = {Noord-Hollandsche Uitgevers Mij}
}

@incollection{masser,
  author    = {David W. Masser},
  year      = {1988},
  title     = {Linear Relations on algebraic groups},
  booktitle = {New Advances in Transcendence Theory},
  publisher = {Cambridge University Press}
}

@article{mignotte,
  title   = {The distance between terms of an algebraic recurrence sequence},
  author  = {Mignotte, Maurice and Shorey, Tarlok Nath and Tijdeman, Robert},
  journal = {Journal f{\"u}r die reine und angewandte Mathematik},
  volume  = {349},
  pages   = {63--76},
  year    = {1984}
}

@conference{mignottecon,
  author    = {M. Mignotte},
  year      = {1982},
  title     = {Some useful bounds},
  booktitle = {Computer Algebra}
}

@article{N21,
  author  = {Eike Neumann},
  title   = {Decision problems for linear recurrences involving arbitrary real numbers},
  journal = {Logical Methods in Computer Science},
  volume  = {17(3)},
  year    = {2021}
}

@inproceedings{ouaknine2014positivity,
  title        = {On the positivity problem for simple linear recurrence sequences},
  author       = {Ouaknine, Jo{\"e}l and Worrell, James},
  booktitle    = {International Colloquium on Automata, Languages, and Programming},
  pages        = {318--329},
  year         = {2014},
  organization = {Springer}
}



@inproceedings{ouaknine2014ultimate,
  title        = {Ultimate positivity is decidable for simple linear recurrence sequences},
  author       = {Ouaknine, Jo{\"e}l and Worrell, James},
  booktitle    = {International Colloquium on Automata, Languages, and Programming},
  pages        = {330--341},
  year         = {2014},
  organization = {Springer}
}





@inproceedings{OWFOCS,
  author    = {Ventsislav Chonev and Jo{\"{e}}l Ouaknine and
               James Worrell},
  title     = {On the {S}kolem Problem for Continuous Linear Dynamical Systems},
  booktitle = {43rd International Colloquium on Automata, Languages, and Programming (ICALP 2016)},
  pages     = {100:1--100:13},
  publisher = {{LIPIcs}},
  year      = {2016}
}


@article{positive-dominant,
  author  = {J. P. Bell and S. Gerhold},
  title   = {On the positivity set of a linear recurrence},
  journal = {Israel Jour. Math},
  volume  = {57},
  year    = {2007}
}

@inproceedings{pseudo21,
  author    = {Julian D'Costa and
               Toghrul Karimov and
               Rupak Majumdar and
               Jo{\"{e}}l Ouaknine and
               Mahmoud Salamati and
               Sadegh Soudjani and
               James Worrell},
  editor    = {Filippo Bonchi and
               Simon J. Puglisi},
  title     = {The Pseudo-{S}kolem Problem is Decidable},
  booktitle = {46th International Symposium on Mathematical Foundations of Computer
               Science, {MFCS} 2021},
  series    = {LIPIcs},
  volume    = {202},
  pages     = {34:1--34:21},
  publisher = {Schloss Dagstuhl - Leibniz-Zentrum f{\"{u}}r Informatik},
  year      = {2021}
}

@article{renegar,
  title   = {{On the Computational Complexity and Geometry of the First-Order Theory of the Reals, Part I: Introduction. Preliminaries. The Geometry of Semi-Algebraic Sets. The Decision Problem for the Existential Theory of the Reals}},
  author  = {James Renegar},
  journal = {J. Symb. Comput.},
  year    = {1992},
  volume  = {13},
  pages   = {255-300}
}

@inproceedings{rounding20,
  author    = {Christel Baier and
               Florian Funke and
               Simon Jantsch and
               Toghrul Karimov and
               Engel Lefaucheux and
               Jo{\"{e}}l Ouaknine and
               Amaury Pouly and
               David Purser and
               Markus A. Whiteland},
  editor    = {Nitin Saxena and
               Sunil Simon},
  title     = {Reachability in Dynamical Systems with Rounding},
  booktitle = {40th {IARCS} Annual Conference on Foundations of Software Technology
               and Theoretical Computer Science, {FSTTCS} 2020},
  series    = {LIPIcs},
  volume    = {182},
  pages     = {36:1--36:17},
  year      = {2020}
}

@article{skolem,
  title   = {{Ein Verfahren zur Behandlung gewisser exponentialer Gleichungen, 8de Skand. mat}},
  author  = {Skolem, Thoralf},
  journal = {Kongr. Forh. Stockholm},
  year    = {1934}
}

@inproceedings{STACS16,
  author    = { S. Akshay and	Blaise Genest and  Bruno Karelovic and Nikhil Vyas},
  title     = {On Regularity of unary Probabilistic Automata.},
  booktitle = {STACS'16},
  year      = {2016},
  pages     = { 8:1-8:14},
  publisher = {LIPIcs}
}

@book{tarski,
  title     = {{A Decision Method for Elementary Algebra and Geometry}},
  author    = {A. Tarski},
  year      = {1951},
  publisher = {University of California Press}
}

@inproceedings{Tiwari04,
  title     = {Termination of linear programs},
  author    = {Tiwari, Ashish},
  booktitle = {Computer-Aided Verification, CAV},
  pages     = {70--82},
  publisher = {Springer},
  series    = {LNCS},
  volume    = {3114},
  month     = jul,
  year      = 2004
}

@article{vereshchagin,
  title   = {The problem of appearance of a zero in a linear recurrence sequence},
  author  = {Vereshchagin, Nikolai},
  journal = {Mat. Zametki},
  volume  = {38},
  number  = {2},
  pages   = {609--615},
  year    = {1985}
}



